<record><leader>00000cas a22000007a 4500</leader><controlfield tag="001">11258946</controlfield><controlfield tag="008">841012d18661871iauwr ne      0    0eng d</controlfield><datafield ind1=" " ind2=" " tag="010"><subfield code="a">sn 84038303 </subfield></datafield><datafield ind1=" " ind2=" " tag="040"><subfield code="a">NPX</subfield><subfield code="b">eng</subfield><subfield code="c">NPX</subfield><subfield code="d">INP</subfield><subfield code="d">OCLCQ</subfield></datafield><datafield ind1=" " ind2=" " tag="042"><subfield code="a">msc</subfield></datafield><datafield ind1="0" ind2="0" tag="245"><subfield code="a">Weekly McGregor news.</subfield></datafield><datafield ind1=" " ind2=" " tag="260"><subfield code="a">McGregor, Iowa :</subfield><subfield code="b">News Co.</subfield></datafield><datafield ind1=" " ind2=" " tag="300"><subfield code="a">v.</subfield></datafield><datafield ind1=" " ind2=" " tag="310"><subfield code="a">Weekly</subfield></datafield><datafield ind1="1" ind2=" " tag="362"><subfield code="a">Began in 1866; ceased in June 1871.</subfield><subfield code="z">Cf. Bibl. of Iowa newspapers.</subfield></datafield><datafield ind1=" " ind2=" " tag="588"><subfield code="a">Description based on: Vol. 5, no. 6 (Jan. 20, 1866).</subfield></datafield><datafield ind1=" " ind2=" " tag="752"><subfield code="a">United States</subfield><subfield code="b">Iowa</subfield><subfield code="c">Clayton</subfield><subfield code="d">McGregor.</subfield></datafield><datafield ind1="0" ind2="0" tag="780"><subfield code="t">McGregor news (McGregor, Iowa : 1863)</subfield></datafield><datafield ind1="0" ind2="0" tag="785"><subfield code="t">McGregor news (McGregor, Iowa : 1871)</subfield><subfield code="w">(DLC)sn 84038304</subfield></datafield></record>